,revenue,net_profit,eps,dps,gross_profit,ebit,ebitda,close_price,expense,cash,account_receivable,total_asset,total_liability,cash_flow_operation,cash_flow_financing,DPS,month,year,EPS,operating_profit,cash_flow_investment,depreciation,dividend,P/E,ROA%,ROAA%,ROE%,ROAE%,ROCE%,number_of_shares,return_old
2015-09-30,,,,,,,,10.3,,19.61,246.03,21694.26,18.32,,,0.0,9,2015,,,,,,,,,,,,,
2015-12-31,308.51000000000005,,,,,,,10.3,5.859999999999999,1.48,247.8,21221.35,1.94,211.27000000000044,-229.40000000000146,0.11,12,2015,,,,,,,,,,,,,
2016-03-31,300.93,,,,,,,10.7,6.46,0.06,674.9,21368.16,2.18,238.42,-239.83,0.12,3,2016,,,,,,,,,,,,,
2016-06-30,297.73999999999995,,,,,,,11.6,6.62,0.85,628.02,20814.02,1.89,626.44,-625.65,0.42,6,2016,,,,,,,,,,,,,
2016-09-30,291.1500000000001,,,,,,,11.5,6.889999999999999,0.06,179.58,21274.42,1.94,126.42999999999995,-127.22000000000003,0.42,9,2016,,,,,,,,,,,,,
2016-12-31,292.7099999999999,,,,,,,10.4,6.98,0.31,300.29,20851.1,2.03,669.69,-669.44,0.52,12,2016,,,,,,,,,,,,,
2017-03-31,291.97,,,,,,,10.1,7.5,0.2,440.52,21254.79,1.73,250.15,-250.26,0.12,3,2017,,,,,,,,,,,,,
2017-06-30,290.53,,,,,,,10.0,6.880000000000001,0.3,474.09,21889.43,1.91,375.49,-375.39,0.3,6,2017,,,,,,,,,,,,,
2017-09-30,288.78,,,,,,,10.2,6.729999999999999,0.58,495.27,22650.21,1.8,438.2299999999999,-437.94999999999993,0.51,9,2017,,,,,,,,,,,,,
