,revenue,net_profit,eps,dps,gross_profit,ebit,ebitda,close_price,expense,operating_profit,cash,total_asset,total_liability,cash_flow_operation,cash_flow_financing,DPS,month,year,EPS,cash_flow_investment,depreciation,dividend,P/E,ROA%,ROAA%,ROE%,ROAE%,ROCE%,number_of_shares,return_old
2010-06-30,,,,,,,,4.38,,,27.52,1663.81,46.43,,,0.0,6,2010,,,,,,,,,,,,
2011-06-30,-4.039999999999999,,,,,,,4.18,-0.1899999999999995,0.48,11.62,1509.5,33.95,1626.59,-1670.0,0.0,6,2011,,,,,,,,,,,,
2012-06-30,4.58,,,,,,,4.04,2.049999999999999,-0.15,11.03,1447.29,32.03,15.290000000000001,0.0,0.0,6,2012,,,,,,,,,,,,
2013-06-30,33.14,,,,,,,4.6,11.95,0.15,8.49,1494.58,27.07,-1.94,0.0,0.0,6,2013,,,,,,,,,,,,
2014-06-30,10.770000000000003,,,,,,,4.98,5.980000000000004,-0.22,16.45,1563.55,30.4,28.529999999999998,-18.04,0.11,6,2014,,,,,,,,,,,,
2015-06-30,25.9,,,,,,,9.25,2.969999999999999,0.1,22.58,1951.09,208.2,3.520000000000003,-5.34,0.14,6,2015,,,,,,,,,,,,
2016-06-30,26.92,,,,,,,8.0,7.8799999999999955,-0.88,62.85,1843.6,38.63,54.17999999999999,-20.040000000000003,0.26,6,2016,,,,,,,,,,,,
2017-06-30,21.549999999999997,,,,,,,8.75,5.730000000000004,0.48,76.98,1907.27,38.62,-7.769999999999996,-18.369999999999997,0.37,6,2017,,,,,,,,,,,,
