,revenue,net_profit,eps,dps,gross_profit,ebit,ebitda,close_price,allowance_doubtful_accounts,expense,operating_profit,cash,total_asset,total_liability,cash_flow_operation,cash_flow_financing,DPS,month,year,EPS,cash_flow_investment,depreciation,dividend,P/E,ROA%,ROAA%,ROE%,ROAE%,ROCE%,number_of_shares,return_old
2008-12-31,,,,,,,,8.95,0.0,,,16.07,3283.36,8.96,,,0.0,12,2008,,,,,,,,,,,,
2009-12-31,231.64000000000001,,,,,,,7.9,0.0,31.320000000000004,-15.220000000000002,23.77,3597.59,4.81,3424.85,-3433.22,0.73,12,2009,,,,,,,,,,,,
2010-12-31,-0.36000000000001364,,,,,,,8.6,0.0,-4.060000000000002,4.280000000000001,16.25,3531.49,5.26,32.51000000000002,-47.73999999999998,0.82,12,2010,,,,,,,,,,,,
2011-12-31,1.990000000000009,,,,,,,8.15,0.0,6.170000000000002,-6.27,13.18,3501.12,6.16,25.0,-20.54000000000002,0.94,12,2011,,,,,,,,,,,,
2012-12-31,-32.76999999999998,,,,,,,10.2,0.0,8.579999999999998,-8.719999999999999,20.15,3382.28,5.55,-9.350000000000023,19.389999999999986,0.88,12,2012,,,,,,,,,,,,
2013-12-31,-56.80000000000001,,,,,,,6.15,64.39,54.779999999999994,5.23,37.35,3159.74,2.78,-89.78999999999999,100.03,0.47,12,2013,,,,,,,,,,,,
2014-12-31,-75.49000000000001,,,,,,,3.96,0.0,-57.38999999999999,-17.52,9.99,2856.75,7.34,-89.88999999999999,45.31,0.31,12,2014,,,,,,,,,,,,
2015-12-31,74.60999999999999,,,,,,,3.76,64.16,64.43,-1.4500000000000028,30.5,2474.17,14.25,10.0,37.890000000000015,0.31,12,2015,,,,,,,,,,,,
2016-12-31,131.71,,,,,,,4.6,52.92,-21.189999999999998,9.14,43.12,2351.93,17.47,152.96,-160.86,0.73,12,2016,,,,,,,,,,,,
