,revenue,net_profit,eps,dps,gross_profit,ebit,ebitda,close_price,expense,operating_profit,cash,total_asset,total_liability,cash_flow_operation,cash_flow_financing,DPS,month,year,EPS,cash_flow_investment,depreciation,dividend,P/E,ROA%,ROAA%,ROE%,ROAE%,ROCE%,number_of_shares,return_old
2015-12-31,,,,,,,,10.0,,,218.78,4060.82,905.9,,,0.0,12,2015,,,,,,,,,,,,
2016-03-31,97.52,,,,,,,11.1,11.91,-3.06,13.7,3930.83,690.32,-198.08,-7.0,0.0,3,2016,,,,,,,,,,,,
2016-06-30,87.8,,,,,,,12.4,12.16,-3.3000000000000003,0.64,4013.64,690.85,72.31000000000002,-85.36,0.25,6,2016,,,,,,,,,,,,
2016-09-30,96.69,,,,,,,13.5,13.509999999999998,-3.259999999999999,0.52,4013.28,690.93,89.07,-89.2,0.52,9,2016,,,,,,,,,,,,
2016-12-31,95.40000000000003,,,,,,,13.2,14.280000000000001,-3.4000000000000004,0.37,4018.47,690.24,80.42,-80.57,0.76,12,2016,,,,,,,,,,,,
2017-03-31,104.26,,,,,,,13.6,12.68,-2.66,0.72,4043.91,696.55,78.93,-78.58,0.23,3,2017,,,,,,,,,,,,
2017-06-30,107.99,,,,,,,13.0,15.280000000000001,-3.9799999999999995,8.78,8404.81,1842.2,-3748.68,3756.73,0.46,6,2017,,,,,,,,,,,,
2017-09-30,197.73000000000002,,,,,,,13.8,25.85,-6.04,0.49,8240.66,1613.08,115.07999999999993,-123.36999999999989,0.66,9,2017,,,,,,,,,,,,
