,revenue,net_profit,eps,dps,gross_profit,ebit,ebitda,close_price,expense,cash,account_receivable,total_asset,total_liability,cash_flow_operation,cash_flow_financing,DPS,month,year,EPS,operating_profit,cash_flow_investment,depreciation,dividend,P/E,ROA%,ROAA%,ROE%,ROAE%,ROCE%,number_of_shares,return_old
2015-12-31,,,,,,,,10.0,,38.51,27.24,2573.21,533.14,,,0.0,12,2015,,,,,,,,,,,,,
2016-03-31,87.38,,,,,,,10.1,36.46,55.68,22.48,2554.93,533.77,-2364.76,2420.44,0.1,3,2016,,,,,,,,,,,,,
2016-06-30,-33.459999999999994,,,,,,,9.95,-12.96,59.47,23.89,2556.73,536.36,2403.9700000000003,-2455.86,0.11,6,2016,,,,,,,,,,,,,
2016-09-30,52.33,,,,,,,10.0,24.32,68.53,18.02,2556.12,538.95,44.419999999999995,-35.36,0.25,9,2016,,,,,,,,,,,,,
2016-12-31,54.370000000000005,,,,,,,9.8,24.32,73.19,18.99,2557.48,541.46,40.35000000000001,-35.69,0.38,12,2016,,,,,,,,,,,,,
2017-03-31,215.79,,,,,,,9.9,96.65,71.56,21.11,2586.49,543.78,158.3,-142.41,0.13,3,2017,,,,,,,,,,,,,
2017-06-30,-160.37,,,,,,,9.85,-72.25,75.27,22.5,2587.63,546.9,-116.87,104.69,0.28,6,2017,,,,,,,,,,,,,
2017-09-30,53.55,,,,,,,10.0,25.43,78.31,17.19,2581.7,545.17,40.02,-36.980000000000004,0.42,9,2017,,,,,,,,,,,,,
